@Misc{Gecode:MPG,
  author = {Schulte, Christian and Tack, Guido and Z. Lagerkvist, Mikael},
  title =  {Modeling and Programming with Gecode},
  year =   {2017},
  note =   {Available at \url{http://www.gecode.org/doc-latest/MPG.pdf}}
}

@Misc{xcsp2mzn,
  author = {Mauro, Jacopo and Amadini, Roberto},
  title = {Feature extractor for MiniZinc and XCSP models},
  institution =  {University of Bologna},
  year = {2016},
  note = {Available at \url{https://github.com/CP-Unibo/mzn2feat}}
}

@article{DBLP:journals/corr/abs-0902-2362,
  author    = {Olivier Roussel and
               Christophe Lecoutre},
  title     = {{XML} Representation of Constraint Networks: Format {XCSP} 2.1},
  journal   = {CoRR},
  volume    = {abs/0902.2362},
  year      = {2009},
  url       = {http://arxiv.org/abs/0902.2362},
  timestamp = {Mon, 05 Dec 2011 18:05:27 +0100},
  biburl    = {http://dblp.uni-trier.de/rec/bib/journals/corr/abs-0902-2362},
  bibsource = {dblp computer science bibliography, http://dblp.org}
}

@article{DBLP:journals/ai/BessiereRYZ05,
  author    = {Christian Bessi{\`{e}}re and
               Jean{-}Charles R{\'{e}}gin and
               Roland H. C. Yap and
               Yuanlin Zhang},
  title     = {An optimal coarse-grained arc consistency algorithm},
  journal   = {Artif. Intell.},
  volume    = {165},
  number    = {2},
  pages     = {165--185},
  year      = {2005},
}



